<?xml version="1.0" encoding="UTF-8"?><record xmlns="http://www.loc.gov/MARC21/slim" xmlns:cinclude="http://apache.org/cocoon/include/1.0" xmlns:zs="http://www.loc.gov/zing/srw/">
  <leader>00476nz  a2200133n  4500</leader>
  <controlfield tag="001">nr2005017581</controlfield>
  <controlfield tag="003">DLC</controlfield>
  <controlfield tag="005">20060825033108.0</controlfield>
  <controlfield tag="008">050729n| acannaabn          |n aaa     c</controlfield>
  <datafield tag="010" ind1=" " ind2=" ">
    <subfield code="a">nr2005017581</subfield>
  </datafield>
  <datafield tag="040" ind1=" " ind2=" ">
    <subfield code="a">CtWfDGI</subfield>
    <subfield code="b">eng</subfield>
    <subfield code="c">CtWfDGI</subfield>
  </datafield>
  <datafield tag="100" ind1="1" ind2=" ">
    <subfield code="a">Van Ness, George</subfield>
  </datafield>
  <datafield tag="670" ind1=" " ind2=" ">
    <subfield code="a">Being there without going there [electronic resource], c2003:</subfield>
    <subfield code="b">title screen (George Van Ness)</subfield>
  </datafield>
  <datafield tag="670" ind1=" " ind2=" ">
    <subfield code="a">Business Engine WWW Home page, July 29, 2005</subfield>
    <subfield code="b">(George Van Ness, chairman and CEO of Business Engine)</subfield>
  </datafield>
</record>